@book{
    stressAndPatology,
    author="Порядина Г.В.",
	title="Стресс и патология: учеб. пособие",
	publisher="М.: РГМУ",
	year=2009,
	pages=23
}

@book{
    baevskiy,
    author="Баевский Р.М.",
	title="Прогнозирование состояний на грани нормы и патологии",
	publisher="М.: Медицина",
	year=1979,
	pages=298
}

@book{
    novako,
    author="Бернс Д.",
	title="Терапия настроения: Клинически доказанный способ победить депрессию без таблеток",
	publisher="М.: Альпина Паблишер",
	year=2019,
	pages=271
}

@book{
    corelMethod,
    author="Румянцев М.И.",
	title="Корелляционный анализ: методические указания",
	publisher="Магнитогорск: Магнитогорский государственный технический университет имени Г. И. Носова",
	year=2017,
	pages=18
}

@book{
    disperMethod,
    author="Абжандадзе З.Л., Федорова Е.В., Юдовин М.Э.",
	title="Элементы дисперсионного нализа: методические указания",
	publisher="СПб: ",
	year=2009,
	pages=22
}

@misc{
	rosstatInvestigation,
	title="Информационное общество в Российской Федерации, 2020. Статистический сборник [Электронный ресурс]",
	year=2020,
	publisher="М.: НИУ ВШЭ",
	howpublished="Режим доступа: \url{https://rosstat.gov.ru/storage/mediabank/lqv3T0Rk/info-ob2020.pdf} (дата обращения 08.12.2021)"
}

@article{
    whyMicrophoneIsShit,
    author = {Van Puyvelde, Martine and Neyt, Xavier and McGlone, Francis and Pattyn, Nathalie},
    year = {2018},
    number = 14,
    journal="Frontiers in Psychology",
    volume=9,
    title = {Voice Stress Analysis: A New Framework for Voice and Effort in Human Performance},
    DOI={10.3389/fpsyg.2018.01994}
}

@article{
    clasters,
    author = {Ершов К.С., Романова Т.Н.},
    year = {2016},
    number = 19,
    journal="Новые ифномрационные технологии в автоматизированных системах",
    title = {Анализ и классификация алгоритмов кластеризации}
}

@article{
    correlInEco,
    author = {Стукова Ю.Е., Иваницкий Д.К., Савченко М.И.},
    year = {2021},
    number = 4,
    journal="ЕГИ",
    volume=36,
    title = {ПРИМЕНЕНИЕ МЕТОДА КОРРЕЛЯЦИОННОГО АНАЛИЗА В ОЦЕНКЕ ЛИКВИДНОСТИ И ПЛАТЕЖЕСПОСОБНОСТИ ОРГАНИЗАЦИЙ},
}

@article{
    bdvrAnomalies,
    author = {Шабельников А.Н., Шабельников В.А.},
    year = {2008},
    number = 4,
    journal="Известия ЮФУ. Технические науки",
    title = {Поиск аномалий в технических базах данных временных рядов},
}

@article{
    relationki,
    author = {Булахов Н.Р.},
    year = {2019},
    number = {22-2},
    journal="Вестник науки и образования",
    volume={76},
    title = {Основы реляционных баз данных},
}

@article{
    stressInvestigation,
    author = {Кропачев И.Г., Архипова Е.И., Нора С.А.},
    year = {2020},
    number = 3,
    journal="Вестник НовГУ",
    volume=119,
    title = {Показатели сердечно-сосудистой системы и гемодинамики в условиях стрессового воздействия как фактор развития острых респираторных инфекций},
}

@article{
    typeFatigue,
    author = {Попов А.Ю., Макушкина Л.А.},
    year = {2015},
    number = {2-2},
    journal="Вестник магистратуры",
    volume=41,
    title = {ИССЛЕДОВАНИЕ ПСИХОФИЗИЧЕСКОГО СОСТОЯНИЯ ПОЛЬЗОВАТЕЛЯ ИНФОРМАЦИОННОЙ СИСТЕМЫ},
}

@article{
    neuroFatigue,
    author = {Савинова В.М., Бесхмельницкий А.А., Бибина Е.С.},
    year = {2017},
    number = {5},
    journal="ТДР",
    title = {Идентификация пользователей корпоративной системы с помощью поведенческого анализа с использованием модели искусственной нейронной сети},
}

@article{
    acousticFatigue,
    author = {Федеров В.М., Реблев Д.П. Панченко Е.М.},
    year = {2013},
    number = {12},
    journal="Известия ЮФУ. Технические науки",
    volume={149},
    title = {Идентификация пользователя по виброакустическим шумам},
}

@article{
    mouseFatigue,
    author = {Рублев Д.П., Федоров В.М},
    year = {2017},
    number = {5},
    journal="Известия ЮФУ. Технические науки",
    volume={190},
    title = {Индетификация пользователя по динамическим характеристикам работы с манипулятором ``мышь'' с использованием нейронных сетей},
}

@article{
    stressIndex,
    author = {Ибрагимова Э.Э.},
    year = {2019},
    number = 2,
    journal="Ученые записки Крымского федерального университета имени В. И. Вернадского. Социология. Педагогика. Психология",
    title = {Мониторинг уровня стресса обучающихся как подход профилактики нарушения регуляторных механизмов},
}

@article{
    ageOfVascularSystem,
    author = {Капустин А.В.},
    year = {2018},
    number = 1,
    journal="Бюллетень Северного Государственного медицинского Университета",
    title = {Изменение показателей биологического возраста при патологии сосудов},
}

@article{
    professionalStress,
    author = {О.С. Деева},
    year = {2019},
    pages = "140--146",
    number = 14,
    journal="Ученые записки Тамбовского отделения РоСМУ",
    volume=38,
    title = {Причины профессионального стресса и методы его профилактики}
}

@article{
    fatigueAsSymptom,
    author = {Т.В. Байдина, Т.И. Колесова, Б.В. Малинина},
    year = {2021},
    pages = "37--44",
    number = 2,
    journal="Пермский медицинский журнал",
    volume=38,
    title = {Усталость как симптом неврологических заболеваний},
    doi = {10.17816/pmj38237-44}
}

@article{
    syndromOfChrono,
    author = {Н.В. Пизова, А.В. Пизов},
    year = {2021},
    pages = "10--16",
    journal="Нервные болезни",
    number = 3,
    title = {Когнитивные нарушения и синдром хронической усталости},
    doi = {10.24412/2226-­0757-2021-12349}
}

@article{
    fatigueChronoInvestigation,
    year = {2015},
    journal="The National Academies Collection: Reports funded by National Institutes of Health",
    title = {Committee on the Diagnostic Criteria for Myalgic Encephalomyelitis/Chronic Fatigue Syndrome; Board on the Health of Select Populations; Institute of Medicine},
    doi = {10.17226/19012}
}

@article{
    neuroPhysicalMechasmsOfStress,
    author = {А.В. Долбышев},
    year = {2020},
    pages = "163--167",
    journal="StudNet",
    number = 7,
    title = {Нейрофизиологические механизмы стресса},
    doi = {10.24411/2658-4964-2020-10052}
}

@book{
    encDic,
    author="Прохоров А.М.",
	title="Большой Российский энциклопедический словарь",
	publisher="Большая рос. энциклопедия",
	year=1998,
	pages=1450
}

@article{
	recognitionOfPsycho,
	author="В.И. Васильев, А.Е. Сулавко, Р.В. Борисов",
	title="Распознавание психофизиологических состояний пользователей на основе скрытого мониторинга действий в компьютерных системах",
	journal="ИСКУССТВЕННЫЙ ИНТЕЛЛЕКТ И ПРИНЯТИЕ РЕШЕНИЙ",
	pages="21-37",
	year=2017,
}

@article{
	keystroke,
	author="Е. В. Шкляр, Е. Г. Воробьев, М. Ф. Савельев",
	title="Распознавание клавиатурного почерка в браузере",
	journal="Известия СПбГЭТУ «ЛЭТИ»",
	pages="58-63",
	year=2019,
}

@article{
    intrusionDetection,
    author = {Axelsson, Stefan},
    year = {1999},
    month = {12},
    pages = "1-10",
    title = {The Base-Rate Fallacy and its Implications for the Difficulty of Intrusion Detection},
    doi = {10.1145/319709.319710},
    language="english"
}

@article{
    mouseMethod,
    author = "Р.В. Борисов, Д.Н. Зверев, А.Е. Сулавко",
    year="2015",
    pages="106-113",
    title = "Оценка идентификационных возможностей особенностей работы пользователя с компьютерной мышью",
    journal="Вестник СибАДИ"
}

@article{
    videoMethod,
    author = "И.Б. Лашков, А.М. Кашевник",
    pages="84-96",
    year="2019",
    title = "Определение опасных состояний водителя на основе мобильных видеоизмерений его лицевых характеристик",
    journal="ИНФОРМАЦИОННЫЕ ТЕХНОЛОГИИ И ВЫЧИСЛИТЕЛЬНЫЕ СИСТЕМЫ"
}

@article{
    medObozr,
    author = "М.А. Лебедев, С.Ю. Палатов, Г.В. Ковров",
    pages="282-288",
    year="2014",
    journal="Медицинское обозрение",
    title = "Усталость и ее проявления"
}

@article{
    voiceMethod,
    author = "Киселев В.В.",
    pages="85-89",
    year="2012",
    journal="Технологии и практика обучения",
    title = "Автоматическое определение эмоций по речи"
}

@book{
    fitts,
    author="Д. Раскин",
	title="Интерфейс: новые направления в проектировании компьютерных систем",
	publisher="Символ-плюс",
	year=2010,
	pages=272
}

@misc{
	Kotlin,
	title="Kotlin language specification [Электронный ресурс]",
	howpublished="Режим доступа: \url{https://kotlinlang.org/spec/introduction.html} (дата обращения 09.10.2020)"
}

@misc{
	apachemath3,
	title="Apache Commons: официальный сайт [Электронный ресурс]",
	howpublished="Режим доступа: \url{https://commons.apache.org/proper/commons-math/} (дата обращения 20.05.2022)"
}

@misc{
	polytechDic,
	title="Большой энциклопедический политехнический словарь [Электронный ресурс]",
	howpublished="Режим доступа: \url{https://rus-big-polyheh-dict.slovaronline.com/} (дата обращения 22.12.2021)"
}

@misc{
	avtoexperts,
	title="AVTOERPERTS.RU [Электронный ресурс]",
	howpublished="Режим доступа: \url{www.avtoexperts.ru} (дата обращения 01.04.2020)"
}

@misc{
	znanieavto,
	title="ZNANIEAVTO.RU [Электронный ресурс]",
	howpublished="Режим доступа: \url{www.znanieavto.ru/} (дата обращения 01.04.2020)"
}

@misc{
	yandRes,
	title="Исследование Яндекс: Время работы организаций [Электронный ресурс]",
	howpublished="Режим доступа: \url{https://yandex.ru/company/researches/2014/ya_time_regions.} (дата обращения 01.04.2020)"
}

@misc{
	ryadi,
	title="TProger : Знакомство с InfluxDB и базами данных временных рядов [Электронный ресурс]",
	howpublished="Режим доступа: \url{https://tproger.ru/translations/influxdb-guide/} (дата обращения 01.04.2020)"
}

@misc{
	measureTimeMillis,
	title="Kotlin Documentation: measureTimeMillis [Электронный ресурс]",
	howpublished="Режим доступа: \url{https://kotlinlang.org/api/latest/jvm/stdlib/kotlin.system/measure-time-millis.html} (дата обращения 01.04.2020)"
}

@misc{
	inchTool,
	title="Infludata: InfluxDB inch tool [Электронный ресурс]",
	howpublished="Режим доступа: \url{https://docs.influxdata.com/influxdb/v1.8/tools/inch/} (дата обращения 01.04.2020)"
}

@misc{
	jmeter,
	title="Apache Jmeter [Электронный ресурс]",
	howpublished="Режим доступа: \url{https://jmeter.apache.org/usermanual/realtime-results.html} (дата обращения 01.04.2020)"
}

@misc{
	influxdbClientKotlin,
	title="InfluxDB Client Kotlin [Электронный ресурс]",
	howpublished="Режим доступа: \url{https://github.com/influxdata/influxdb-client-java/tree/master/client-kotlin} (дата обращения 01.04.2020)"
}

@misc{
	jdbc,
	title="Oracle: Develop Java applications with Oracle Database [Электронный ресурс]",
	howpublished="Режим доступа: \url{https://www.oracle.com/ru/database/technologies/appdev/jdbc.html} (дата обращения 01.04.2020)"
}

@misc{
	OpenTSDB,
	title="Национальная библиотека им. Н. Э. Баумана Bauman National Library [Электронный ресурс]",
	howpublished="Режим доступа: \url{ru.bmstu.wiki} (дата обращения 01.05.2021)"
}

@misc{
	Oracle,
	title="Oracle.com [Электронный ресурс]",
	howpublished="Режим доступа: \url{www.oracle.com} (дата обращения 01.05.2021)"
}

@misc{
	2hpc,
	title="Онлайн справочник пользователя ПК [Электронный ресурс]",
	howpublished="Режим доступа: \url{www.2hpc.ru/} (дата обращения 10.04.2020)"
}

@misc{
	minzdrav,
	title="Министерство здравоохранения Ульяновской области [Электронный ресурс]",
	howpublished="Режим доступа: \url{www.med.ulgov.ru/informasiya/5331/9316.html} (дата обращения 10.04.2020)"
}

@misc{
	belmapo,
	title="ГУО 'Белорусская медицинская академия последипломного образования' [Электронный ресурс]",
	howpublished="Режим доступа: \url{www.belmapo.by/tri-stadii-stressa.html} (дата обращения 10.04.2020)"
}

@misc{
	kkb3,
	title="ГБУЗ Краевая Больница №3 министерства здравоохранения Краснодарского края [Электронный ресурс]",
	howpublished="Режим доступа: \url{kkb3.ru/patients/medprof/27-stress-prichiny-simptomy-profilaktika} (дата обращения 10.04.2020)"
}

@misc{
	swing,
	title="Документация Oracle - Java Swing [Электронный ресурс]",
	howpublished="Режим доступа: \url{https://docs.oracle.com/javase/7/docs/api/javax/swing/package-summary.html} (дата обращения 16.05.2022)"
}

@misc{
	jnativehook,
	title="Официальный репозиторий GitHub проекта JNativeHook [Электронный ресурс]",
	howpublished="Режим доступа: \url{https://github.com/kwhat/jnativehook} (дата обращения 16.05.2022)"
}

@article{
	ProfStress,
	author="И.С. Мартынов, Е.Ю. Гузенко",
	title="Профессиональный стресс как фактор, влияющий на производительность труда работников АПК Волгоградской области",
	journal="Журнал №3",
	volume=43,
	year=2016
}

@book{
    Libermann,
	author="А.Н. Либерман",
	title="ТЕХНОГЕННАЯ БЕЗОПАСНОСТЬ: ЧЕЛОВЕЧЕСКИЙ ФАКТОР",
	publisher="Гамма-7",
	year=2006,
	pages=101
}

@book{
    Vigoranie,
	author="Водопьянова Н.Е., Старченкова Е.С.",
	title="Синдром выгорания",
	publisher="Питер",
	year=2008,
	pages=258
}

@misc{
	MSD,
	title="Справочник MSD: Профессиональная версия [Электронный ресурс]",
	howpublished="Режим доступа: \url{www.msdmanuals.com} (дата обращения 01.04.2020)"
}

@article{
	burnout,
	author="Gallup",
	title="Employee Burnout: Causes and Cures",
	journal="Gallup",
	pages="32",
	language="english",
	year=2020,
}

@book{
    Prichini,
	author="Макарова Г.А.",
	title="Синдром эмоционального выгорания",
	publisher="М.: Просвящение",
	year=2009,
	pages=432
}

@article{
	SHU,
	author="Е.А. Пигарова, А.В. Плещева",
	title="Синдром хронической усталости: современные представления об этиологии",
	journal="Ожирение и метаболизм",
	pages="13",
	year=2010,
}

@misc{
	CompanyProblem,
	author="Jennifer Moss",
	language="english",
	title="Burnout Is About Your Workplace, Not Your People [Электронный ресурс]",
	howpublished="Режим доступа: \url{https://hbr.org/2019/12/burnout-is-about-your-workplace-not-your-people} (дата обращения 27.03.2021)"
}
